<record><leader>00000cas a2200000 a 4500</leader><controlfield tag="001">53081026</controlfield><controlfield tag="008">030924c19319999nyumn ne      0    0eng c</controlfield><datafield ind1=" " ind2=" " tag="010"><subfield code="a">sn2003060461</subfield></datafield><datafield ind1=" " ind2=" " tag="040"><subfield code="a">NYS</subfield><subfield code="b">eng</subfield><subfield code="c">NYS</subfield><subfield code="d">OCLCQ</subfield><subfield code="d">OCLCF</subfield><subfield code="d">OCLCO</subfield></datafield><datafield ind1="1" ind2=" " tag="029"><subfield code="a">AU@</subfield><subfield code="b">000024975393</subfield></datafield><datafield ind1=" " ind2=" " tag="042"><subfield code="a">pcc</subfield></datafield><datafield ind1=" " ind2=" " tag="043"><subfield code="a">n-us-ny</subfield></datafield><datafield ind1="0" ind2=" " tag="130"><subfield code="a">Greeley Tribune (Chappaqua, N.Y.)</subfield></datafield><datafield ind1="1" ind2="0" tag="245"><subfield code="a">Greeley Tribune.</subfield></datafield><datafield ind1=" " ind2=" " tag="260"><subfield code="a">Chappaqua, N.Y. :</subfield><subfield code="b">Horace Greeley High School,</subfield><subfield code="c">1931-</subfield></datafield><datafield ind1=" " ind2=" " tag="300"><subfield code="a">v. :</subfield><subfield code="b">ill. ;</subfield><subfield code="c">28-32 cm.</subfield></datafield><datafield ind1=" " ind2=" " tag="310"><subfield code="a">Monthly (during school year)</subfield></datafield><datafield ind1="0" ind2=" " tag="362"><subfield code="a">Vol. 1, no. 1 (Feb., 1931)-</subfield></datafield><datafield ind1=" " ind2="0" tag="650"><subfield code="a">Student newspapers and periodicals</subfield><subfield code="z">New York (State)</subfield><subfield code="z">Chappaqua.</subfield></datafield><datafield ind1=" " ind2="0" tag="651"><subfield code="a">Chappaqua (N.Y.)</subfield><subfield code="v">Newspapers.</subfield></datafield><datafield ind1=" " ind2="0" tag="651"><subfield code="a">Westchester County (N.Y.)</subfield><subfield code="v">Newspapers.</subfield></datafield><datafield ind1="0" ind2="7" tag="655"><subfield code="a">High school student newspapers.</subfield><subfield code="2">ngl</subfield></datafield><datafield ind1=" " ind2="7" tag="655"><subfield code="a">Newspapers.</subfield><subfield code="2">fast</subfield><subfield code="0">(OCoLC)fst01423814</subfield></datafield><datafield ind1=" " ind2="7" tag="650"><subfield code="a">Student newspapers and periodicals.</subfield><subfield code="2">fast</subfield><subfield code="0">(OCoLC)fst01135965</subfield></datafield><datafield ind1=" " ind2="7" tag="651"><subfield code="a">New York (State)</subfield><subfield code="z">Chappaqua.</subfield><subfield code="2">fast</subfield><subfield code="0">(OCoLC)fst01219219</subfield></datafield><datafield ind1=" " ind2="7" tag="651"><subfield code="a">New York (State)</subfield><subfield code="z">Westchester County.</subfield><subfield code="2">fast</subfield><subfield code="0">(OCoLC)fst01202684</subfield></datafield><datafield ind1=" " ind2=" " tag="752"><subfield code="a">United States</subfield><subfield code="b">New York</subfield><subfield code="c">Westchester</subfield><subfield code="d">Chappaqua.</subfield></datafield></record>